@ARTICLE{genetic_1, 
author={Rados{\l}aw Winiczenko}, 
journal={Post{"e}py Techniki Przetw{\'o}rstwa Spo{\.z}ywczego}, 
title={ALGORYTMY GENETYCZNE I ICH ZASTOSOWANIA}, 
year={2008}, 
volume={1}, 
number={2}, 
pages={107-110}}

@ARTICLE{genetic_2, 
author={Anna Gryko-Nikitin}, 
journal={Ekonomia i Zarz{"a}dzanie}, 
title={Niekt{\'o}re osobliwo{\'s}ci algorytm{\'o}w genetycznych
na przyk{\l}adzie zagadnie{\'n} logistycznych}, 
year={2010}, 
volume={1}, 
number={2}, 
pages={129-138}}

@ARTICLE{genetic_3, 
author={Ewa Figielska}, 
journal={Zeszyty Naukowe Warszawskiej Wy{\.z}szej Szko{\l}y Informatyki}, 
title={Algorytmy ewolucyjne i ich zastosowania}, 
year={2006}, 
volume={1}, 
number={1}, 
pages={81-92}}

@BOOK{genetic_4,
author = {Lenart Andrzej},
title = "{Maszynoznawstwo przemys{\l}u spo{\.z}ywczego}",
publisher = {SGGW},
address = {Warszawa},
year  = {2003}
}

@BOOK{genetic_5,
author = {David E. Goldberg},
title = "{Algorytmy genetyczne i ich zastosowania}",
publisher = {Wydawnictwo Naukowo-Techniczne},
address = {Warszawa},
year  = {1998}
}

@ARTICLE{genetic_6, 
author={Kusum Deep, Hadush Mebrahtu}, 
journal={International Journal of Combinatorial Optimization Problems and Informatics}, 
title={New Variations of Order Crossover for Travelling Salesman Problem }, 
year={2011}, 
volume={2}, 
pages={2-13}}

@ARTICLE{genetic_7, 
author={D. Goldberg and R. Lingle}, 
journal={Proceedings of the 1st International Conference on Genetic Algorithms and Their Applications}, 
title={Alleles, Loci and the Traveling Salesman Problem }, 
year={1985}, 
pages={154-159}}

@ARTICLE{genetic_8, 
author={I. M. Oliver, D. J. d. Smith and R. C. J. Holland}, 
journal={In Proceedings of the second international conference. on genetic algorithms}, 
title={A study of permutation crossover operators on the traveling salesman problem }, 
year={1987}, 
pages={224-230}}

@BOOK{genetic_9,
author = {Rutkowska D., Pili{\'n}ski M., Rutkowski L},
title = "{Sieci neuronowe, algorytmy genetyczne i systemy rozmyte}",
publisher = {Wydawnictwo Naukowe PWN},
address = {Warszawa},
year  = {1999.}
}

@ARTICLE{kl_alg_plecakowy, 
author={Krzysztof Schiff}, 
journal={Technical transactions automatic control}, 
title={Ant colony optimization algorithm for the 0-1 knapsack problem}, 
year={2013}, 
volume={1}, 
number={1}, 
pages={40-51}}

@ARTICLE{kl_poczatek_rozwazan, 
author={Alexander Schrijver}, 
title={On the History of Combinatorial Optimization (till 1960)}, 
volume={1}, 
number={1}, 
pages={1-3}}

@MISC{kl_alg_helda_karpa,
title = {Encyklopedia Algorytm{\'o}w},
author = {Encyklopedia Algorytm{\'o}w},
howpublished = "\url{http://algorytmy.ency.pl/artykul/algorytm_helda_karpa}",
year = {2016} 
}

@MISC{kl_alg_najblizszego_sasiada,
title = {Encyklopedia Algorytm{\'o}w},
author = {Encyklopedia Algorytm{\'o}w},
howpublished = "\url{http://algorytmy.ency.pl/artykul/algorytm_najblizszego_sasiada}",
year = {2016} 
}

@ARTICLE{kl_inne_alg_mrowkowe, 
author={Daniel B{\l}aszkiewicz}, 
title={Algorytmy Mr{\'o}wkowe}, 
journal={Instytut Informatyki Uniwersytetu Wroc{\l}awskiego}, 
volume={1}, 
number={1}, 
pages={5-6}}




